<?xml version="1.0" encoding="UTF-8"?><collection xmlns="http://www.loc.gov/MARC21/slim"><record><leader>00458nam--2200181-i-4500</leader><controlfield tag="001">000017403</controlfield><controlfield tag="002">20161230</controlfield><controlfield tag="005">20161230201032</controlfield><controlfield tag="008">060222s1000------------r-----000-0-eng-d</controlfield><datafield ind1=" " ind2=" " tag="040"><subfield code="a">IFIN-HH</subfield></datafield><datafield ind1=" " ind2=" " tag="080"><subfield code="a">514.764.2</subfield></datafield><datafield ind1="1" ind2=" " tag="100"><subfield code="a">Jost, Jurgen</subfield></datafield><datafield ind1="1" ind2="0" tag="245"><subfield code="a">Riemannian geometry and geometric analysis</subfield></datafield><datafield ind1=" " ind2=" " tag="250"><subfield code="a">Second Edition</subfield></datafield><datafield ind1=" " ind2=" " tag="260"><subfield code="a">Berlin</subfield><subfield code="b">Springer-verlag</subfield><subfield code="c">1998</subfield></datafield><datafield ind1=" " ind2=" " tag="300"><subfield code="a">XIII + 455 P</subfield></datafield><datafield ind1=" " ind2=" " tag="852"><subfield code="a">80929</subfield><subfield code="c">513</subfield></datafield><datafield ind1=" " ind2=" " tag="CAT"><subfield code="a">Sys</subfield><subfield code="c">20110324</subfield><subfield code="h">095114</subfield></datafield></record></collection>